@misc{nist,
  author       = {{National Institute of Standards and Technology (NIST)}},
  title        = {SI Units - Temperature},
  howpublished = {\url{https://www.nist.gov/pml/owm/si-units-temperature/}},
  year         = {2025},
  note         = {Absolute zero is defined as -273.15 \textdegree C},
  url          = {https://www.nist.gov/},
  month        = {October},
  key          = {nist-si}
}

