@article{Konopinski1955,
  title = {Fermi’s Theory of Beta-Decay},
  volume = {27},
  ISSN = {0034-6861},
  url = {http://dx.doi.org/10.1103/RevModPhys.27.254},
  DOI = {10.1103/revmodphys.27.254},
  number = {3},
  journal = {Reviews of Modern Physics},
  publisher = {American Physical Society (APS)},
  author = {Konopinski,  E. J.},
  year = {1955},
  month = jul,
  pages = {254–257}
}
@article{Korff2013,
  title = {How the Geiger Counter started to crackle: Electrical counting methods in early radioactivity research},
  volume = {525},
  ISSN = {1521-3889},
  url = {http://dx.doi.org/10.1002/andp.201300726},
  DOI = {10.1002/andp.201300726},
  number = {6},
  journal = {Annalen der Physik},
  publisher = {Wiley},
  author = {Korff,  Sebastian},
  year = {2013},
  month = jun 
}
